@STRING{sv = "Springer"}
@STRING{tcs = "Theoretical Computer Science"}
@string{tse="{IEEE} Transactions on Software Engineering"}
@STRING{lncs = "LNCS"}
@string{jlap="Journal of Logic and Algebraic Programming"}
@STRING{lnai = "Lecture Notes in Artificial Intelligence"}

@string{ PUB-SV      = {Springer}}
@string{ecoop="Proc.\ European Conf.\ on Object-Oriented Programming"}

@book{fowler:refactoring,
  author    = {Martin Fowler},
  title     = {Refactoring - Improving the Design of Existing Code},
  series    = {Addison Wesley object technology series},
  publisher = {Addison-Wesley},
  year      = 1999,
  isbn      = {978-0-201-48567-7},
}

@inproceedings{stolz:isolarefa,
  author    = {Anna Maria Eilertsen and
               Anya Helene Bagge and
               Volker Stolz},
  title     = {Safer Refactorings},
  booktitle = {Leveraging Applications of Formal Methods, Verification and Validation:
               Foundational Techniques},
  pages     = {517--531},
  year      = {2016},
  publisher = sv,
  series    = lncs,
  volume    = {9952},
  url       = {https://doi.org/10.1007/978-3-319-47166-2\_36},
  doi       = {10.1007/978-3-319-47166-2\_36},
}

@inproceedings{steinhoefel:ae,
  author    = {Dominic Steinh{\"{o}}fel and
               Reiner H{\"{a}}hnle},
  editor    = {Maurice H. ter Beek and
               Annabelle McIver and
               Jos{\'{e}} N. Oliveira},
  title     = {Abstract Execution},
  booktitle = {Proc.\ of Formal Methods - The Next 30 Years - Third World Congress},
  series    = lncs,
  volume    = {11800},
  pages     = {319--336},
  publisher = {Springer},
  year      = {2019},
  url       = {https://doi.org/10.1007/978-3-030-30942-8\_20},
  doi       = {10.1007/978-3-030-30942-8\_20},
}

@PhdThesis{	  steinhoefel-20,
 Author	= {Dominic Steinh{\"o}fel},
 Title		= {{Abstract Execution: Automatically Proving Infinitely
                   Many Programs}},
 School	= {TU Darmstadt,
                  Dept.\ of Computer Science},
 xAddress	= {Darmstadt, Germany},
 Year		= {2020},
 Month		= {May},
 URN           = {urn:nbn:de:tuda-tuprints-85409},
 URL           = {https://tuprints.ulb.tu-darmstadt.de/id/eprint/8540},
}

% TODO: Further filter the below refs


@phdthesis{Opdyke-PHD-1992,
 author = {William Opdyke},
 title = {{Refactoring Object-oriented Frameworks}},
 school = {University of Illinois at Urbana-Champaign},
 year = {1992},
}

@misc{Eclipse,
  author={{Eclipse.org.}},
  title={{Eclipse Project}},
  howpublished={\url{http://www.eclipse.org}},
  year={2020}
}

@misc{Netbeans,
  author={{Oracle}},
  title={{NetBeans IDE}},
  howpublished={\url{http://www.netbeans.org}},
  year={2020}
}

@misc{IntelliJ,
  author={{JetBrains}},
  title={{IntelliJ IDEA}},
  howpublished={\url{https://www.jetbrains.com/idea/}},
  year={2020}
}


@inproceedings{Schafer-OOPSLA-2010,
  title     = {{Specifying and implementing refactorings}},
  author    = {Max Sch{\"{a}}fer and Oege de Moor},
  booktitle = {Object-Oriented Programming, Systems, Languages, and Applications}},
  xseries    = {{OOPSLA}},
  pages     = {286--301},
  year      = 2010,
}

@INPROCEEDINGS{refactoring-challenge,
  author = {Max Sch\"{a}fer and Torbj\"{o}rn Ekman and Oege Moor},
  title = {{C}hallenge proposal: verification of refactorings},
  booktitle = {Proc.\ of the 3rd {W}orkshop on {P}rogramming {L}anguages {M}eets
	{P}rogram {V}erification},
  year = {2008},
  pages = {67--72},
  publisher = {ACM},
}

@INPROCEEDINGS{MeseguerSCAM06,
  author={A. {Garrido} and J. {Meseguer}},
  booktitle={Intl.\ Workshop on Source Code Analysis and Manipulation}, 
  title={Formal Specification and Verification of {Java} Refactorings}, 
  year={2006},
  publisher={IEEE},
  xpages={165--174},}

@article{GheyiMB05,
  author    = {Rohit Gheyi and
               Tiago Massoni and
               Paulo Borba},
  title     = {An Abstract Equivalence Notion for Object Models},
  journal   = {Electron. Notes Theor. Comput. Sci.},
  volume    = {130},
  pages     = {3--21},
  year      = {2005},
  doi       = {10.1016/j.entcs.2005.03.002},
 }

@article{DBLP:journals/jss/AlvesMM17,
  author    = {Everton L. G. Alves and
               Tiago Massoni and
               Patr{\'{\i}}cia Duarte de Lima Machado},
  title     = {Test coverage of impacted code elements for detecting refactoring
               faults: An exploratory study},
  journal   = {J. Syst. Softw.},
  volume    = {123},
  pages     = {223--238},
  year      = {2017},
  doi       = {10.1016/j.jss.2016.02.001},
}


@article{mongiovi-scp-2014,
title = {Making Refactoring Safer through Impact Analysis},
author = {Melina Mongiovi and Rohit Gheyi and Gustavo Soares and Leopoldo Teixeira and Paulo Borba},
journal = {Science of Computer Programming},
year = {2014},
 pages = {39--64},
 volume = {93},
}

@article{Soares-IEEE-2010, 
  title={{Making Program Refactoring Safer}}, 
  author={Gustavo Soares and Rohit Gheyi and Dalton Serey and Tiago Massoni}, 
  journal={{IEEE Software}}, 
  volume={27}, 
  number={4}, 
  pages={52--57}, 
  year={2010}, 
}

@article{Soares-TSE-2013,
 title = {{Automated Behavioral Testing of Refactoring Engines}},
 author = {Gustavo Soares and Rohit Gheyi and Tiago Massoni},
 journal = {{IEEE Transactions on Software Engineering}},
 volume = {39},
 number = {2},
 pages = {147--162},
 year = {2013},
} 

